<record><leader>00000cas a2200000 a 4500</leader><controlfield tag="001">37356316</controlfield><controlfield tag="008">970725d18991907oruwr ne      0    0eng c</controlfield><datafield ind1=" " ind2=" " tag="010"><subfield code="a">sn 96088074 </subfield></datafield><datafield ind1=" " ind2=" " tag="040"><subfield code="a">OCN</subfield><subfield code="b">eng</subfield><subfield code="c">OCN</subfield><subfield code="d">OCLCQ</subfield><subfield code="d">ORU</subfield><subfield code="d">OCLCQ</subfield><subfield code="d">OCLCF</subfield><subfield code="d">OCLCO</subfield><subfield code="d">IUL</subfield></datafield><datafield ind1=" " ind2=" " tag="042"><subfield code="a">pcc</subfield></datafield><datafield ind1=" " ind2=" " tag="043"><subfield code="a">n-us-or</subfield></datafield><datafield ind1="0" ind2="0" tag="245"><subfield code="a">Bohemia nugget.</subfield></datafield><datafield ind1=" " ind2=" " tag="260"><subfield code="a">Cottage Grove, Or. :</subfield><subfield code="b">C.J. Howard,</subfield><subfield code="c">1899-1907.</subfield></datafield><datafield ind1=" " ind2=" " tag="300"><subfield code="a">9 volumes</subfield></datafield><datafield ind1=" " ind2=" " tag="310"><subfield code="a">Weekly</subfield></datafield><datafield ind1="0" ind2=" " tag="362"><subfield code="a">Vol. 1, no. 1 (Jan. 20, 1899)-v. 9, no. 47 (Dec. 25, 1907).</subfield></datafield><datafield ind1=" " ind2=" " tag="530"><subfield code="a">Also issued on microfilm from University of Oregon.</subfield></datafield><datafield ind1=" " ind2=" " tag="530"><subfield code="a">Archived issues are available in digital format as part of the Historic Oregon Newspaper online collection.</subfield></datafield><datafield ind1=" " ind2="0" tag="651"><subfield code="a">Cottage Grove (Or.)</subfield><subfield code="v">Newspapers.</subfield></datafield><datafield ind1=" " ind2="7" tag="651"><subfield code="a">Oregon</subfield><subfield code="z">Cottage Grove.</subfield><subfield code="2">fast</subfield><subfield code="0">(OCoLC)fst01221458</subfield></datafield><datafield ind1=" " ind2="7" tag="655"><subfield code="a">Newspapers.</subfield><subfield code="2">fast</subfield><subfield code="0">(OCoLC)fst01423814</subfield></datafield><datafield ind1=" " ind2=" " tag="752"><subfield code="a">United States</subfield><subfield code="b">Oregon</subfield><subfield code="c">Lane</subfield><subfield code="d">Cottage Grove.</subfield></datafield><datafield ind1="0" ind2="4" tag="785"><subfield code="t">Cottage Grove leader</subfield><subfield code="w">(DLC)sn 96088075</subfield><subfield code="w">(OCoLC)37356340</subfield></datafield><datafield ind1="4" ind2="1" tag="856"><subfield code="u">http://oregonnews.uoregon.edu/lccn/sn96088074/issues</subfield></datafield><datafield ind1="1" ind2=" " tag="029"><subfield code="a">AU@</subfield><subfield code="b">000013408206</subfield></datafield></record>